@article{lodhi2002text,
  title={Text classification using string kernels},
  author={Lodhi, Huma and Saunders, Craig and Shawe-Taylor, John and Cristianini, Nello and Watkins, Chris},
  journal={Journal of Machine Learning Research},
  volume={2},
  number={Feb},
  pages={419--444},
  year={2002}
}

@article{scikit-learn,
 title={Scikit-learn: Machine Learning in {P}ython},
 author={Pedregosa, F. and Varoquaux, G. and Gramfort, A. and Michel, V.
         and Thirion, B. and Grisel, O. and Blondel, M. and Prettenhofer, P.
         and Weiss, R. and Dubourg, V. and Vanderplas, J. and Passos, A. and
         Cournapeau, D. and Brucher, M. and Perrot, M. and Duchesnay, E.},
 journal={Journal of Machine Learning Research},
 volume={12},
 pages={2825--2830},
 year={2011}
}

@book{BirdKleinLoper09,
  author = {Steven Bird and Ewan Klein and Edward Loper},
  title = {{Natural Language Processing with Python}},
  publisher = {O'Reilly Media},
  year = 2009
}

@Book{wordnet,
  title = {WordNet: An Electronic Lexical Database},
  author = {Christiane Fellbaum},
  year = {1998},
  publisher = {Bradford Books},
}

@article{shogun_2017,
  title={shogun-toolbox/shogun: Shogun 6.0.0 - Baba Nobuharu},
  DOI={10.5281/zenodo.556748},
  abstractNote={<ul> <li>Add native MS Windows support [Viktor Gal]</li> <li>Shogun requires the compiler to support C++11 features</li> <li>Shogun cloud online: Jupyter notebook with Shogun from the browser, <a href="https://cloud.shogun.ml">https://cloud.shogun.ml</a></li> </ul> Features <ul> <li>LDA now supports 32, 64 and 128 bit floating point numbers [Chris Goldsworthy]</li> <li>Add SHOGUN_NUM_THREADS enviroment variable to control the number of threads used by the models in runtime [Viktor Gal]</li> <li>Added Scala Interface to the build [Abhinav Rai]</li> <li>Major re-writing and API changes in kernel statistical hypothesis testing framework, significant speed up in permutation test for quadratic time MMD, new kernel selection algorithms for quadratic time MMD [Soumyajit De] ### Bugfixes:<ul> <li>Fix build error of R interface for R&gt;=3.3.0, #3460 [Heiko Strathmann]</li> <li>Make the code compatible with Eigen 3.3.0 [Viktor Gal]</li> <li>Fix number of CPUs detected on Linux [Viktor Gal]</li> <li>Fix multi-threading in KMeansBase [Viktor Gal]</li> <li>Make ExponentialARDKernel thread-safe [Viktor Gal]</li> <li>Make PRNG thread-safe [Viktor Gal]</li> <li>Fix python interface when using libshogun compiled with OpenMP [Viktor Gal]</li> <li>Fix CART to work with cross-validation [Fernando Iglesias] ### Cleanup, efficiency updates, and API Changes:</li> <li>Port multi-threading to use OpenMP backend in Kernel [Viktor Gal]</li> <li>Fix false sharing in EuclideanDistance [Viktor Gal]</li> <li>Fix out of source build of the whole project [Viktor Gal]</li> <li>Add LIBSHOGUN cmake flag to turn off libshogun compilation [Viktor Gal]</li> <li>Export Shogun target with cmake to enable to build modular interfaces to a pre-compiled libshogun on the system without requiring to compile libshogun itself [Viktor Gal] ### Notes</li> </ul> </li> <li>Contains major rewrite and clean-up of developer documentation in doc/readme [Heiko Strathmann, Lea Götz]</li> <li>Known issue: Octave multithreaded crashes, currently bindings are initialized single-threaded, <a href="https://github.com/shogun-toolbox/shogun/issues/3772">https://github.com/shogun-toolbox/shogun/issues/3772</a> [Heiko Strathman n]</li> </ul>},
  publisher={Zenodo},
  author={Soeren Sonnenburg and Heiko Strathmann and Sergey Lisitsyn and Viktor Gal and Fernando J. Iglesias García and Wu Lin and Soumyajit De and Chiyuan Zhang and frx and tklein23 and et al.},
  year={2017},
  month={Apr}
}
